@misc{drawio,
    author = {{JGraph Ltd}},
    title = {{app.diagrams.net}},
    howpublished = {\url{https://app.diagrams.net/}},
    note = {Online; accessed 07 October 2021} 
}

@misc{tikzit,
    author = {{TikZiT}},
    title = {{TikZiT}},
    howpublished = {\url{https://tikzit.github.io/}},
    note = {Online; accessed 07 October 2021} 
}

@misc{TikzEdt,
    author = {{TikzEdt}},
    title = {{TikzEdt}},
    howpublished = {\url{http://www.tikzedt.org/}},
    note = {Online; accessed 07 October 2021} 
}

@misc{tikzcd,
    author = {{Yichuan Shen}},
    title = {{tikzcd-editor}},
    howpublished = {\url{https://tikzcd.yichuanshen.de/}},
    note = {Online; accessed 07 October 2021} 
}