@misc{drawio,
    author = {JGraph Ltd},
    howpublished = {\url{https://app.diagrams.net/}},
    note = {Online; accessed 07 October 2021} 
}

@misc{tikzit,
    author = {TikZiT},
    howpublished = {\url{https://tikzit.github.io/}},
    note = {Online; accessed 07 October 2021} 
}

@misc{TikzEdt,
    author = {TikzEdt},
    howpublished = {\url{http://www.tikzedt.org/}},
    note = {Online; accessed 07 October 2021} 
}

@misc{tikzcd,
    author = {Yichuan Shen},
    title = {tikzcd-editor},
    howpublished = {\url{https://tikzcd.yichuanshen.de/}},
    note = {Online; accessed 07 October 2021} 
}

@misc{p5js,
    author = {Qianqian Ye, Evelyn Masso},
    title = {p5.js},
    howpublished = {\url{https://p5js.org/}},
    note = {Online; accessed 24 October 2021} 
}

@misc{katex,
    author = {Emily Eisenberg, Sophie Alpert},
    title = {KaTeX},
    howpublished = {\url{https://katex.org/}},
    note = {Online; accessed 06 November 2021} 
}