@misc{drawio,
    author = {JGraph Ltd},
	title = {},
    howpublished = {\url{https://app.diagrams.net/}},
    note = {[2021. 10. 07.]} 
}

@misc{tikzit,
    author = {TikZiT},
	title = {},
    howpublished = {\url{https://tikzit.github.io/}},
    note = {[2021. 10. 07.]} 
}

@misc{TikzEdt,
    author = {TikzEdt},
	title = {},
    howpublished = {\url{http://www.tikzedt.org/}},
    note = {[2021. 10. 07.]} 
}

@misc{tikzcd,
    author = {Yichuan Shen},
    title = {tikzcd-editor},
    howpublished = {\url{https://tikzcd.yichuanshen.de/}},
    note = {[2021. 10. 07.]} 
}

@misc{p5js,
    author = {Qianqian Ye, Evelyn Masso},
    title = {p5.js},
    howpublished = {\url{https://p5js.org/}},
    note = {[2021. 10. 24.]} 
}

@misc{katex,
    author = {Emily Eisenberg, Sophie Alpert},
    title = {KaTeX},
    howpublished = {\url{https://katex.org/}},
    note = {[2021. 10. 05.]} 
}

@misc{graphicswithtikz,
	author = {Andrew Mertz, William Slough},
	title = {Graphics with TikZ},
	howpublished = {\url{http://mirror.tug.org/pracjourn/2007-1/mertz/mertz.pdf}},
	note = {[2021. 10. 06.]} 
}

@misc{latex,
	author = {The LaTeX Project},
	title = {},
	howpublished = {\url{https://www.latex-project.org/}},
	note = {[2021. 10. 02.]} 
}

@misc{bootstrap,
	author = {Bootstrap 5},
	title = {},
	howpublished = {\url{https://getbootstrap.com/docs/5.1/getting-started/introduction/}},
	note = {[2021. 10. 02.]} 
}

@misc{js,
	author = {MDN Web Docs},
	title = {JavaScript},
	howpublished = {\url{https://developer.mozilla.org/en-US/docs/Web/JavaScript}},
	note = {[2021. 10. 02.]} 
}

@misc{html5,
	author = {MDN Web Docs},
	title = {HTML5},
	howpublished = {\url{https://developer.mozilla.org/en-US/docs/Glossary/HTML5}},
	note = {[2021. 10. 02.]} 
}

@misc{css3media,
	author = {MDN Web Docs},
	title = {CSS/@media},
	howpublished = {\url{https://developer.mozilla.org/en-US/docs/Web/CSS/@media}},
	note = {[2021. 10. 02.]} 
}

@misc{codingtrain,
	author = {Daniel Shiffman},
	title = {Coding Train},
	howpublished = {\url{https://thecodingtrain.com/}},
	note = {[2021. 11. 07.]} 
}

@misc{tikzmanual,
	author = {Till Tantau},
	title = {TikZ and pgf 1.18},
	howpublished = {\url{https://www.bu.edu/math/files/2013/08/tikzpgfmanual.pdf}},
	note = {[2021. 10. 03.]} 
}

@misc{tikzmanual2,
	author = {Till Tantau},
	title = {TikZ and pgf 3.1.9a},
	howpublished = {\url{http://mirrors.ctan.org/graphics/pgf/base/doc/pgfmanual.pdf}},
	note = {[2021. 10. 05.]} 
}

@misc{ecmascript,
	author = {Ecma International},
	title = {ECMAScript® 2021 language specification},
	howpublished = {\url{https://www.ecma-international.org/publications-and-standards/standards/ecma-262/}},
	note = {[2021. 10. 05.]} 
}

@misc{ecmascript6,
	author = {Ecma International},
	title = {ECMAScript® 2015 language specification},
	howpublished = {\url{https://262.ecma-international.org/6.0/}},
	note = {[2021. 10. 05.]} 
}

@misc{json,
	author = {Ecma International},
	title = {The JSON data interchange syntax},
	howpublished = {\url{https://www.ecma-international.org/publications-and-standards/standards/ecma-404/}},
	note = {[2021. 10. 05.]} 
}

@misc{metapost,
	author = {John D. Hobby},
	title = {METAPOST - a user’s manual},
	howpublished = {\url{https://www.tug.org/docs/metapost/mpman.pdf}},
	note = {[2021. 11. 13.]} 
}

@misc{pstricks,
	author = {Timothy Van Zandt},
	title = {PSTricks: PostScript macros for Generic TeX},
	howpublished = {\url{http://mirror.ctan.org/graphics/pstricks/base/doc/pstricks-doc.pdf}},
	note = {[2021. 11. 13.]} 
}

@book{natureofcode,
	title = {Nature of Code: Simulating Natural Systems with Processing},
	author = {Daniel Shiffman},
	year = 2012,
	url = "https://natureofcode.com/book/",
	publisher = "",
	address   = ""
}
@book{latexlamport,
	title = {LaTeX: A Document Preparation System},
	author = {Leslie Lamport},
	year = 1994,
	publisher = "Addison-Wesley Professional",
	address   = ""
}